<record><leader>00000cas a2200000 a 4500</leader><controlfield tag="001">5737153</controlfield><controlfield tag="008">791128c19719999nyumx ne      0    0eng c</controlfield><datafield ind1=" " ind2=" " tag="010"><subfield code="a">sn 90018357 </subfield></datafield><datafield ind1=" " ind2=" " tag="040"><subfield code="a">YQR</subfield><subfield code="b">eng</subfield><subfield code="c">YQR</subfield><subfield code="d">ELM</subfield><subfield code="d">COO</subfield><subfield code="d">CNW</subfield><subfield code="d">OCLCQ</subfield><subfield code="d">NYS</subfield><subfield code="d">CRL</subfield><subfield code="d">CUV</subfield><subfield code="d">OCLCQ</subfield><subfield code="d">OCLCF</subfield><subfield code="d">OCLCO</subfield></datafield><datafield ind1="1" ind2=" " tag="029"><subfield code="a">AU@</subfield><subfield code="b">000025576285</subfield></datafield><datafield ind1=" " ind2=" " tag="042"><subfield code="a">pcc</subfield></datafield><datafield ind1=" " ind2=" " tag="043"><subfield code="a">n-us-ny</subfield><subfield code="a">n-us---</subfield></datafield><datafield ind1=" " ind2=" " tag="090"><subfield code="a">HQ75</subfield><subfield code="b">.E55</subfield></datafield><datafield ind1="0" ind2=" " tag="130"><subfield code="a">Empty closet (Rochester, N.Y.)</subfield></datafield><datafield ind1="1" ind2="4" tag="245"><subfield code="a">The Empty closet.</subfield></datafield><datafield ind1="3" ind2="0" tag="246"><subfield code="a">Closet</subfield></datafield><datafield ind1=" " ind2=" " tag="260"><subfield code="3">&lt;Jan. 1971-&gt; :</subfield><subfield code="a">Rochester, N.Y. :</subfield><subfield code="b">University of Rochester Gay Liberation Front</subfield></datafield><datafield ind1="2" ind2=" " tag="260"><subfield code="3">&lt;Number 30 (July/Aug. 1973)-&gt; :</subfield><subfield code="a">Rochester, NY :</subfield><subfield code="b">Gay Alliance of the Genesee Valley</subfield></datafield><datafield ind1="2" ind2=" " tag="260"><subfield code="3">&lt;No. 64 (Sept. 1976)-&gt; :</subfield><subfield code="a">Rochester, N.Y. :</subfield><subfield code="b">Empty Closet Collective</subfield></datafield><datafield ind1="3" ind2=" " tag="260"><subfield code="3">&lt;No. 78 (Dec. 1977)-&gt; :</subfield><subfield code="a">Rochester, N.Y. :</subfield><subfield code="b">Empty Closet Press</subfield></datafield><datafield ind1=" " ind2=" " tag="300"><subfield code="a">v. :</subfield><subfield code="b">ill. ;</subfield><subfield code="c">39-45 cm.</subfield></datafield><datafield ind1=" " ind2=" " tag="310"><subfield code="a">Eleven no. a year,</subfield><subfield code="b">&lt;Apr. 1980-&gt;</subfield></datafield><datafield ind1=" " ind2=" " tag="321"><subfield code="a">Biweekly,</subfield><subfield code="b">&lt;June 15, 1971-&gt;</subfield></datafield><datafield ind1=" " ind2=" " tag="321"><subfield code="a">Monthly,</subfield><subfield code="b">&lt;June 1972-&gt;</subfield></datafield><datafield ind1="1" ind2=" " tag="362"><subfield code="a">Began with Jan. 1971 issue.</subfield></datafield><datafield ind1=" " ind2=" " tag="500"><subfield code="a">&lt;Apr. 1974-&gt;: "A monthly newspaper of the Gay Alliance of the Genesee Valley"; &lt;Sept. 1976-&gt;: "A monthly publication by and for the gay community of Rochester"; &lt;Dec. 1977-&gt;: "From the hometown of Frederick Douglass and Susan B. Anthony"; &lt;Jan. 1979-&gt;: "New York's oldest gay newspaper."</subfield></datafield><datafield ind1=" " ind2=" " tag="500"><subfield code="a">Managing editor: &lt;Feb. 1978-&gt;, Tim Mains.</subfield></datafield><datafield ind1=" " ind2=" " tag="530"><subfield code="a">Also issued on microfilm from Primary Source Microfilm.</subfield></datafield><datafield ind1=" " ind2=" " tag="530"><subfield code="a">Also issued online.</subfield></datafield><datafield ind1=" " ind2=" " tag="550"><subfield code="a">Published by: &lt;Dec. 1977-&gt;, Empty Closet Press. Owned and operated by: Gay Alliance of the Genesee Valley.</subfield></datafield><datafield ind1=" " ind2=" " tag="588"><subfield code="a">Description based on: No. 38 (Apr. 1974); title from caption.</subfield></datafield><datafield ind1=" " ind2=" " tag="588"><subfield code="a">Latest issue consulted: (Oct. 2001).</subfield></datafield><datafield ind1=" " ind2="0" tag="650"><subfield code="a">Gay men</subfield><subfield code="z">New York (State)</subfield><subfield code="z">Rochester</subfield><subfield code="v">Newspapers.</subfield></datafield><datafield ind1=" " ind2="0" tag="650"><subfield code="a">Lesbians</subfield><subfield code="z">New York (State)</subfield><subfield code="z">Rochester</subfield><subfield code="v">Newspapers.</subfield></datafield><datafield ind1=" " ind2="0" tag="650"><subfield code="a">Homosexuality</subfield><subfield code="z">New York (State)</subfield><subfield code="z">Rochester</subfield><subfield code="v">Newspapers.</subfield></datafield><datafield ind1=" " ind2="0" tag="650"><subfield code="a">Lesbianism</subfield><subfield code="z">New York (State)</subfield><subfield code="z">Rochester</subfield><subfield code="v">Newspapers.</subfield></datafield><datafield ind1=" " ind2="0" tag="650"><subfield code="a">Gay liberation movement</subfield><subfield code="z">New York (State)</subfield><subfield code="z">Rochester</subfield><subfield code="v">Newspapers.</subfield></datafield><datafield ind1=" " ind2="0" tag="650"><subfield code="a">Gay activists</subfield><subfield code="z">New York (State)</subfield><subfield code="v">Newspapers.</subfield></datafield><datafield ind1="2" ind2="0" tag="610"><subfield code="a">Gay Alliance of the Genesee Valley</subfield><subfield code="v">Newspapers.</subfield></datafield><datafield ind1=" " ind2="0" tag="650"><subfield code="a">Gay community</subfield><subfield code="z">New York (State)</subfield><subfield code="z">Rochester</subfield><subfield code="v">Newspapers.</subfield></datafield><datafield ind1=" " ind2="0" tag="650"><subfield code="a">Homosexuality</subfield><subfield code="x">Social aspects</subfield><subfield code="z">United States</subfield><subfield code="v">Newspapers.</subfield></datafield><datafield ind1=" " ind2="0" tag="650"><subfield code="a">Lesbianism</subfield><subfield code="x">Social aspects</subfield><subfield code="z">United States</subfield><subfield code="v">Newspapers.</subfield></datafield><datafield ind1=" " ind2="0" tag="650"><subfield code="a">Gay liberation movement</subfield><subfield code="z">United States</subfield><subfield code="v">Newspapers.</subfield></datafield><datafield ind1=" " ind2="0" tag="650"><subfield code="a">Gay activists</subfield><subfield code="z">United States</subfield><subfield code="v">Newspapers.</subfield></datafield><datafield ind1=" " ind2="0" tag="650"><subfield code="a">Gay bars</subfield><subfield code="z">New York (State)</subfield><subfield code="z">Rochester</subfield><subfield code="v">Newspapers.</subfield></datafield><datafield ind1=" " ind2="0" tag="650"><subfield code="a">Gay business enterprises</subfield><subfield code="z">New York (State)</subfield><subfield code="z">Rochester</subfield><subfield code="v">Newspapers.</subfield></datafield><datafield ind1=" " ind2="0" tag="651"><subfield code="a">Rochester (N.Y.)</subfield><subfield code="v">Newspapers.</subfield></datafield><datafield ind1=" " ind2="0" tag="651"><subfield code="a">Monroe County (N.Y.)</subfield><subfield code="v">Newspapers.</subfield></datafield><datafield ind1=" " ind2="7" tag="655"><subfield code="a">Newspapers.</subfield><subfield code="2">fast</subfield><subfield code="0">(OCoLC)fst01423814</subfield></datafield><datafield ind1="2" ind2="7" tag="610"><subfield code="a">Gay Alliance of the Genesee Valley.</subfield><subfield code="2">fast</subfield><subfield code="0">(OCoLC)fst00664392</subfield></datafield><datafield ind1=" " ind2="7" tag="650"><subfield code="a">Gay activists.</subfield><subfield code="2">fast</subfield><subfield code="0">(OCoLC)fst00939048</subfield></datafield><datafield ind1=" " ind2="7" tag="650"><subfield code="a">Gay bars.</subfield><subfield code="2">fast</subfield><subfield code="0">(OCoLC)fst00939063</subfield></datafield><datafield ind1=" " ind2="7" tag="650"><subfield code="a">Gay business enterprises.</subfield><subfield code="2">fast</subfield><subfield code="0">(OCoLC)fst00939067</subfield></datafield><datafield ind1=" " ind2="7" tag="650"><subfield code="a">Gay community.</subfield><subfield code="2">fast</subfield><subfield code="0">(OCoLC)fst01432142</subfield></datafield><datafield ind1=" " ind2="7" tag="650"><subfield code="a">Gay liberation movement.</subfield><subfield code="2">fast</subfield><subfield code="0">(OCoLC)fst00939104</subfield></datafield><datafield ind1=" " ind2="7" tag="650"><subfield code="a">Gay men.</subfield><subfield code="2">fast</subfield><subfield code="0">(OCoLC)fst00939117</subfield></datafield><datafield ind1=" " ind2="7" tag="650"><subfield code="a">Homosexuality.</subfield><subfield code="2">fast</subfield><subfield code="0">(OCoLC)fst00959755</subfield></datafield><datafield ind1=" " ind2="7" tag="650"><subfield code="a">Homosexuality</subfield><subfield code="x">Social aspects.</subfield><subfield code="2">fast</subfield><subfield code="0">(OCoLC)fst00959809</subfield></datafield><datafield ind1=" " ind2="7" tag="650"><subfield code="a">Lesbianism.</subfield><subfield code="2">fast</subfield><subfield code="0">(OCoLC)fst00996514</subfield></datafield><datafield ind1=" " ind2="7" tag="650"><subfield code="a">Lesbianism</subfield><subfield code="x">Social aspects.</subfield><subfield code="2">fast</subfield><subfield code="0">(OCoLC)fst00996534</subfield></datafield><datafield ind1=" " ind2="7" tag="650"><subfield code="a">Lesbians.</subfield><subfield code="2">fast</subfield><subfield code="0">(OCoLC)fst00996540</subfield></datafield><datafield ind1=" " ind2="7" tag="651"><subfield code="a">New York (State)</subfield><subfield code="2">fast</subfield><subfield code="0">(OCoLC)fst01210280</subfield></datafield><datafield ind1=" " ind2="7" tag="651"><subfield code="a">New York (State)</subfield><subfield code="z">Monroe County.</subfield><subfield code="2">fast</subfield><subfield code="0">(OCoLC)fst01214388</subfield></datafield><datafield ind1=" " ind2="7" tag="651"><subfield code="a">New York (State)</subfield><subfield code="z">Rochester.</subfield><subfield code="2">fast</subfield><subfield code="0">(OCoLC)fst01204680</subfield></datafield><datafield ind1=" " ind2="7" tag="651"><subfield code="a">United States.</subfield><subfield code="2">fast</subfield><subfield code="0">(OCoLC)fst01204155</subfield></datafield><datafield ind1="1" ind2=" " tag="700"><subfield code="a">Mains, Tim.</subfield></datafield><datafield ind1="2" ind2=" " tag="710"><subfield code="a">University of Rochester.</subfield><subfield code="b">Gay Liberation Front.</subfield></datafield><datafield ind1="2" ind2=" " tag="710"><subfield code="a">Gay Alliance of the Genesee Valley.</subfield></datafield><datafield ind1="2" ind2=" " tag="710"><subfield code="a">Empty Closet Collective.</subfield></datafield><datafield ind1=" " ind2=" " tag="752"><subfield code="a">United States</subfield><subfield code="b">New York</subfield><subfield code="c">Monroe</subfield><subfield code="d">Rochester.</subfield></datafield><datafield ind1=" " ind2=" " tag="850"><subfield code="a">MiU</subfield><subfield code="a">NIC</subfield></datafield><datafield ind1="4" ind2="1" tag="856"><subfield code="z">Current issues:</subfield><subfield code="u">http://bibpurl.oclc.org/web/46342</subfield><subfield code="u">http://www.gayalliance.org/emptycloset/</subfield></datafield><datafield ind1="4" ind2="1" tag="856"><subfield code="z">Browse archived issues from digitization project of all published issues:</subfield><subfield code="u">http://bibpurl.oclc.org/web/46343</subfield><subfield code="u">http://www.lib.rochester.edu/index.cfm?page=4800</subfield></datafield></record>